<record><leader>00000cas a22000007a 4500</leader><controlfield tag="001">11225184</controlfield><controlfield tag="008">841003d18311839ohuwr ne      0    0eng d</controlfield><datafield ind1=" " ind2=" " tag="010"><subfield code="a">sn 84024211 </subfield></datafield><datafield ind1=" " ind2=" " tag="040"><subfield code="a">NPV</subfield><subfield code="b">eng</subfield><subfield code="c">NPV</subfield><subfield code="d">NPX</subfield><subfield code="d">ONP</subfield><subfield code="d">OCLCQ</subfield></datafield><datafield ind1=" " ind2=" " tag="042"><subfield code="a">msc</subfield></datafield><datafield ind1="0" ind2="0" tag="245"><subfield code="a">Ohio eagle and Fairfield advertiser.</subfield></datafield><datafield ind1=" " ind2=" " tag="260"><subfield code="a">Lancaster [Ohio :</subfield><subfield code="b">T.U. White],</subfield><subfield code="c">-1839.</subfield></datafield><datafield ind1=" " ind2=" " tag="300"><subfield code="a">v. :</subfield><subfield code="b">ill. (chiefly adv.) ;</subfield><subfield code="c">56 cm.</subfield></datafield><datafield ind1=" " ind2=" " tag="310"><subfield code="a">Weekly</subfield></datafield><datafield ind1="1" ind2=" " tag="362"><subfield code="a">Began in 1831.</subfield></datafield><datafield ind1="0" ind2=" " tag="362"><subfield code="a">-v. 30, no. 3 (May 25, 1839).</subfield></datafield><datafield ind1=" " ind2=" " tag="580"><subfield code="a">German ed.: Ohio Adler.</subfield></datafield><datafield ind1=" " ind2=" " tag="588"><subfield code="a">Description based on: Vol. 22, no. 27 (Nov. 12, 1831).</subfield></datafield><datafield ind1=" " ind2=" " tag="752"><subfield code="a">United States</subfield><subfield code="b">Ohio</subfield><subfield code="c">Fairfield</subfield><subfield code="d">Lancaster.</subfield></datafield><datafield ind1="1" ind2=" " tag="775"><subfield code="t">Ohio Adler</subfield><subfield code="w">(DLC)sn 85026390</subfield></datafield><datafield ind1="0" ind2="0" tag="780"><subfield code="t">Ohio eagle and Fairfield County advertiser</subfield><subfield code="w">(DLC)sn 88078735</subfield></datafield><datafield ind1="0" ind2="0" tag="785"><subfield code="t">Ohio eagle (Lancaster, Ohio : 1839)</subfield><subfield code="w">(DLC)sn 85038170</subfield></datafield></record>